@book{texbook,
  author    = {Donald Ervin Knuth},
  title     = {The {\TeX}book},
  volume    = {A},
  publisher = {Addison-Wesley},
  address   = {Reading, MA, USA},
  edition   = {23rd printing, with corrections.},
  pages     = {ix + 483},
  year      = {1993},
  series    = {Computers and typesetting}
}